%% This BibTeX bibliography file was created using BibDesk.
%% http://bibdesk.sourceforge.net/


%% Created for Joyce Ho at 2016-06-17 18:43:12 -0400 


%% Saved with string encoding Unicode (UTF-8) 

@article{kho_use_2012,
author = {Hayes, M Geoffrey and Rasmussen-Torvik, Laura and Pacheco, Jennifer A and Thompson, William K and Armstrong, Loren L and Denny, Joshua C and Peissig, Peggy L and Miller, Aaron W and Wei, Wei-Qi and Bielinski, Suzette J and Chute, Christopher G and Leibson, Cynthia L and Crosslin, David R and Carlson, Christopher S and Newton, Katherine M and Wolf, Wendy A and Chisholm, Rex L and Lowe, William L},
title = {{Use of diverse electronic medical record systems to identify genetic risk for type 2 diabetes within a genome-wide association study}},
journal = {Journal of the American Medical Informatics Association},
year = {2012},
volume = {19},
number = {2},
pages = {212--218},
month = mar,
annote = {PMID: 22101970}
}

@article{frisch2009litinspector,
  title={LitInspector: literature and signal transduction pathway mining in PubMed abstracts},
  author={Frisch, Matthias and Klocke, Bernward and Haltmeier, Manuela and Frech, Kornelie},
  journal={Nucleic acids research},
  volume={37},
  number={suppl 2},
  pages={W135--W140},
  year={2009},
  publisher={Oxford Univ Press}
}


@article{Mikolov:2013wc,
	Author = {Mikolov, Tomas and Chen, Kai and Corrado, Greg and Dean, Jeffrey},
	Date-Added = {2016-06-17 22:41:11 +0000},
	Date-Modified = {2016-06-17 22:41:11 +0000},
	Eprint = {1301.3781v3},
	Eprintclass = {cs.CL},
	Eprinttype = {arxiv},
	Journal = {arXiv.org},
	Month = jan,
	Title = {{Efficient Estimation of Word Representations in Vector Space}},
	Year = {2013}}

@article{Singhal:2016fy,
	Author = {Singhal, Ayush and Simmons, Michael and Lu, Zhiyong},
	Date-Added = {2016-06-17 20:31:06 +0000},
	Date-Modified = {2016-06-17 20:31:06 +0000},
	Journal = {Journal of the American Medical Informatics Association},
	Month = apr,
	Pages = {ocw041},
	Title = {{Text mining for precision medicine: automating disease-mutation relationship extraction from biomedical literature}},
	Year = {2016}}

@inproceedings{wasserman2003,
	Author = {Wasserman, Henry and Wang, Jerome},
	Booktitle = {AMIA Annual Symposium Proceedings},
	Organization = {American Medical Informatics Association},
	Pages = {699},
	Title = {An applied evaluation of SNOMED CT as a clinical vocabulary for the computerized diagnosis and problem list},
	Volume = {2003},
	Year = {2003}}

@article{Collaboratory:MR-x2zyZ,
	Author = {{NIH Health Care Systems Research Collaboratory}},
	Date-Added = {2016-06-17 19:00:57 +0000},
	Date-Modified = {2016-06-17 19:00:57 +0000},
	Month = jul,
	Title = {{Rethinking Clinical Trials: A Living Textbook of Pragmatic Clinical Trials}},
	Year = {2014}}

@article{neveol2011semi,
	Author = {N{\'e}v{\'e}ol, Aur{\'e}lie and Do{\u{g}}an, Rezarta Islamaj and Lu, Zhiyong},
	Date-Modified = {2016-06-17 19:01:17 +0000},
	Journal = {Journal of Biomedical Informatics},
	Number = {2},
	Pages = {310--318},
	Publisher = {Elsevier},
	Title = {Semi-automatic semantic annotation of PubMed queries: a study on quality, efficiency, satisfaction},
	Volume = {44},
	Year = {2011}}

@article{easterbrook1991publication,
	Author = {Easterbrook, Phillipa J and Gopalan, Ramana and Berlin, JA and Matthews, David R},
	Journal = {The Lancet},
	Number = {8746},
	Pages = {867--872},
	Publisher = {Elsevier},
	Title = {Publication bias in clinical research},
	Volume = {337},
	Year = {1991}}

@article{dickersin1990existence,
	Author = {Dickersin, Kay},
	Journal = {Jama},
	Number = {10},
	Pages = {1385--1389},
	Publisher = {American Medical Association},
	Title = {The existence of publication bias and risk factors for its occurrence},
	Volume = {263},
	Year = {1990}}

@article{stern1997publication,
	Author = {Stern, Jerome M and Simes, R John},
	Journal = {Bmj},
	Number = {7109},
	Pages = {640--645},
	Publisher = {BMJ Publishing Group Ltd},
	Title = {Publication bias: evidence of delayed publication in a cohort study of clinical research projects},
	Volume = {315},
	Year = {1997}}

@article{rajpal2014mining,
	Author = {Rajpal, Deepak K and Qu, Xiaoyan A and Freudenberg, Johannes M and Kumar, Vinod D},
	Journal = {Biomedical Literature Mining},
	Pages = {171--206},
	Publisher = {Springer},
	Title = {Mining emerging biomedical literature for understanding disease associations in drug discovery},
	Year = {2014}}

@article{jensen2006literature,
	Author = {Jensen, Lars Juhl and Saric, Jasmin and Bork, Peer},
	Journal = {Nature reviews genetics},
	Number = {2},
	Pages = {119--129},
	Publisher = {Nature Publishing Group},
	Title = {Literature mining for the biologist: from information retrieval to biological discovery},
	Volume = {7},
	Year = {2006}}

@article{boland2015birth,
	Author = {Boland, Mary Regina and Shahn, Zachary and Madigan, David and Hripcsak, George and Tatonetti, Nicholas P},
	Journal = {Journal of the American Medical Informatics Association},
	Pages = {ocv046},
	Publisher = {The Oxford University Press},
	Title = {Birth month affects lifetime disease risk: a phenome-wide method},
	Year = {2015}}

@inproceedings{von2015data,
	Author = {Von Korff, Modest and Deffarges, Bernard and Sander, Thomas},
	Booktitle = {Computational Intelligence, 2015 IEEE Symposium Series on},
	Organization = {IEEE},
	Pages = {314--321},
	Title = {Data Mining in MEDLINE for Disease-Disease Associations Via Second Order Co-Occurrence},
	Year = {2015}}

@article{pletscher2015diseases,
	Author = {Pletscher-Frankild, Sune and Pallej{\`a}, Albert and Tsafou, Kalliopi and Binder, Janos X and Jensen, Lars Juhl},
	Journal = {Methods},
	Pages = {83--89},
	Publisher = {Elsevier},
	Title = {DISEASES: Text mining and data integration of disease--gene associations},
	Volume = {74},
	Year = {2015}}

@article{pivovarov2015learning,
	Author = {Pivovarov, Rimma and Perotte, Adler J and Grave, Edouard and Angiolillo, John and Wiggins, Chris H and Elhadad, No{\'e}mie},
	Journal = {Journal of biomedical informatics},
	Pages = {156--165},
	Publisher = {Elsevier},
	Title = {Learning probabilistic phenotypes from heterogeneous EHR data},
	Volume = {58},
	Year = {2015}}

@article{chen2015building,
	Author = {Chen, You and Ghosh, Joydeep and Bejan, Cosmin Adrian and Gunter, Carl A and Gupta, Siddharth and Kho, Abel and Liebovitz, David and Sun, Jimeng and Denny, Joshua and Malin, Bradley},
	Journal = {Journal of biomedical informatics},
	Pages = {82--93},
	Publisher = {Elsevier},
	Title = {Building bridges across electronic health record systems through inferred phenotypic topics},
	Volume = {55},
	Year = {2015}}

@article{chen2013applying,
	Author = {Chen, Yukun and Carroll, Robert J and Hinz, Eugenia R McPeek and Shah, Anushi and Eyler, Anne E and Denny, Joshua C and Xu, Hua},
	Journal = {Journal of the American Medical Informatics Association},
	Number = {e2},
	Pages = {e253--e259},
	Publisher = {The Oxford University Press},
	Title = {Applying active learning to high-throughput phenotyping algorithms for electronic health records data},
	Volume = {20},
	Year = {2013}}

@article{overhage2012validation,
	Author = {Overhage, J Marc and Ryan, Patrick B and Reich, Christian G and Hartzema, Abraham G and Stang, Paul E},
	Journal = {Journal of the American Medical Informatics Association},
	Number = {1},
	Pages = {54--60},
	Publisher = {The Oxford University Press},
	Title = {Validation of a common data model for active safety surveillance research},
	Volume = {19},
	Year = {2012}}

@article{mccarty2011emerge,
	Author = {McCarty, Catherine A and Chisholm, Rex L and Chute, Christopher G and Kullo, Iftikhar J and Jarvik, Gail P and Larson, Eric B and Li, Rongling and Masys, Daniel R and Ritchie, Marylyn D and Roden, Dan M and others},
	Journal = {BMC medical genomics},
	Number = {1},
	Pages = {13},
	Publisher = {BioMed Central Ltd},
	Title = {The eMERGE Network: a consortium of biorepositories linked to electronic medical records data for conducting genomic studies},
	Volume = {4},
	Year = {2011}}

@inproceedings{carroll2011naive,
	Author = {Carroll, Robert J and Eyler, Anne E and Denny, Joshua C},
	Booktitle = {AMIA Annu Symp Proc},
	Pages = {189--96},
	Title = {Naive Electronic Health Record phenotype identification for Rheumatoid arthritis.},
	Volume = {2011},
	Year = {2011}}

@article{hripcsak2013next,
	Author = {Hripcsak, George and Albers, David J},
	Journal = {Journal of the American Medical Informatics Association},
	Number = {1},
	Pages = {117--121},
	Publisher = {The Oxford University Press},
	Title = {Next-generation phenotyping of electronic health records},
	Volume = {20},
	Year = {2013}}

@inproceedings{Ho:2014da,
	Author = {Ho, Joyce C and Ghosh, Joydeep and Sun, Jimeng},
	Booktitle = {Proceedings of the 20th ACM SIGKDD International Conference on Knowledge Discovery and Data Mining},
	Date-Added = {2016-05-20 14:11:14 +0000},
	Date-Modified = {2016-05-20 14:13:05 +0000},
	Pages = {115--124},
	Title = {{Marble: High-throughput phenotyping from electronic health records via sparse nonnegative tensor factorization}},
	Year = {2014}}

@article{Acar:2011ey,
	Author = {Acar, Evrim and Dunlavy, Daniel M and Kolda, Tamara G},
	Date-Added = {2016-05-20 14:10:36 +0000},
	Date-Modified = {2016-05-20 14:10:36 +0000},
	Journal = {Journal of Chemometrics},
	Month = feb,
	Number = {2},
	Pages = {67--86},
	Title = {{A scalable optimization approach for fitting canonical tensor decompositions}},
	Volume = {25},
	Year = {2011}}

@article{ritchie2010robust,
	Author = {Ritchie, Marylyn D and Denny, Joshua C and Crawford, Dana C and Ramirez, Andrea H and Weiner, Justin B and Pulley, Jill M and Basford, Melissa A and Brown-Gentry, Kristin and Balser, Jeffrey R and Masys, Daniel R and others},
	Journal = {The American Journal of Human Genetics},
	Number = {4},
	Pages = {560--572},
	Publisher = {Elsevier},
	Title = {Robust replication of genotype-phenotype associations across multiple diseases in an electronic medical record},
	Volume = {86},
	Year = {2010}}

@incollection{hu2015scalable,
	Author = {Hu, Changwei and Rai, Piyush and Chen, Changyou and Harding, Matthew and Carin, Lawrence},
	Booktitle = {Machine Learning and Knowledge Discovery in Databases},
	Pages = {53--70},
	Publisher = {Springer},
	Title = {Scalable Bayesian Non-Negative Tensor Factorization for Massive Count Data},
	Year = {2015}}

@inproceedings{wang2015rubik,
	Author = {Wang, Yichen and Chen, Robert and Ghosh, Joydeep and Denny, Joshua C and Kho, Abel and Chen, You and Malin, Bradley A and Sun, Jimeng},
	Booktitle = {Proceedings of the 21th ACM SIGKDD International Conference on Knowledge Discovery and Data Mining},
	Organization = {ACM},
	Pages = {1265--1274},
	Title = {Rubik: Knowledge guided tensor factorization and completion for health data analytics},
	Year = {2015}}

@article{Yu:2015fj,
	Author = {Yu, Sheng and Liao, Katherine P and Shaw, Stanley Y and Gainer, Vivian S and Churchill, Susanne E and Szolovits, Peter and Murphy, Shawn N and Kohane, Isaac S and Cai, Tianxi},
	Date-Added = {2016-05-20 21:36:01 +0000},
	Date-Modified = {2016-05-20 21:36:01 +0000},
	Journal = {Journal of the American Medical Informatics Association},
	Month = apr,
	Number = {5},
	Pages = {993--1000},
	Title = {{Toward high-throughput phenotyping: unbiased automated feature extraction and selection from knowledge sources.}},
	Volume = {22},
	Year = {2015}}

@article{Boland:2015ds,
	Author = {Boland, Mary Regina and Shahn, Zachary and Hripcsak, George and Tatonetti, Nicholas P},
	Date-Added = {2016-05-20 21:33:53 +0000},
	Date-Modified = {2016-05-20 21:33:53 +0000},
	Journal = {Journal of the American Medical Informatics Association},
	Month = jun,
	Title = {{Birth Month Affects Lifetime Disease Risk: A Phenome-Wide Method.}},
	Year = {2015}}

@article{Ho:2014jc,
	Author = {Ho, Joyce C and Ghosh, Joydeep and Steinhubl, Steve R and Stewart, Walter F and Denny, Joshua C and Malin, Bradley A and Sun, Jimeng},
	Date-Added = {2016-05-20 21:32:34 +0000},
	Date-Modified = {2016-05-20 21:32:34 +0000},
	Journal = {Journal of Biomedical Informatics},
	Month = dec,
	Pages = {199--211},
	Title = {{Limestone: High-throughput candidate phenotype generation via tensor factorization.}},
	Volume = {52},
	Year = {2014}}

@misc{phekb:obesity,
	Author = {{Cincinnati Children's Hospital Medical Center}},
	Title = {Phenotype Knowledgebase: Severe Early Childhood Obesity Phenotype},
	Url = {https://phekb.org/phenotype/severe-early-childhood-obesity},
	Urldate = {2015-06-01},
	Year = {2015},
	Bdsk-Url-1 = {https://phekb.org/phenotype/severe-early-childhood-obesity}}
	
@misc{phekb:t2d,
	Author = {{Northwestern University},
	Title = {Phenotype Knowledgebase: Type 2 Diabetes Mellitus},
	Url = {https://phekb.org/phenotype/type-2-diabetes-mellitus},
	Urldate = {2012-02-06},
	Year = {2012},
	Bdsk-Url-1 = {https://phekb.org/phenotype/type-2-diabetes-mellitus}}

